@article{Anderson01,
  title={Atezolizumab versus docetaxel for patients with previously treated non-small-cell lung cancer (POPLAR): a multicentre, open-label, phase 2 randomised controlled trial},
  author={Fehrenbacher, Louis and Spira, Alexander and Ballinger, Marcus and Kowanetz, Marcin and Vansteenkiste, Johan and Mazieres, Julien and Park, Keunchil and Smith, David and Artal-Cortes, Angel and Lewanski, Conrad and others},
  journal={The Lancet},
  volume={387},
  number={10030},
  pages={1837--1846},
  year={2016},
  publisher={Elsevier}
}

@article{Anderson02,
	title={Predictors and prevention of diabetic cardiomyopathy},
	author={Chavali, Vishalakshi and Tyagi, Suresh C and Mishra, Paras K},
	journal={Diabetes, Metabolic syndrome and obesity: Targets and therapy},
	volume={6},
	pages={151},
	year={2013},
	publisher={Dove Press}
}


@misc{Anderson03,
   author = "Wikimedia Commons",
   title = "File:Centraldogma nodetails.png --- Wikimedia Commons{,} the free media repository",
   year = "2014",
   url = "https://commons.wikimedia.org/w/index.php?title=File:Centraldogma_nodetails.png&oldid=140301972",
   note = "[Online; accessed 29-September-2018]"
 }
 
@article{Anderson04,
  title={Predicting lysine-malonylation sites of proteins using sequence and predicted structural features},
  author={Taherzadeh, Ghazaleh and Yang, Yuedong and Xu, Haodong and Xue, Yu and Liew, Alan Wee-Chung and Zhou, Yaoqi},
  journal={Journal of computational chemistry},
  year={2018},
  publisher={Wiley Online Library}
}

@article{Anderson05,
  title={ACPred-FL: a sequence-based predictor based on effective feature representation to improve the prediction of anti-cancer peptides},
  author={Wei, Leyi and Zhou, Chen and Chen, Huangrong and Song, Jiangning and Su, Ran},
  journal={Bioinformatics},
  year={2018}
}

 @misc{Anderson06,
   author = "Wikimedia Commons",
   title = "File:Glycylglycine.png --- Wikimedia Commons{,} the free media repository",
   year = "2017",
   url = "https://commons.wikimedia.org/w/index.php?title=File:Glycylglycine.png&oldid=260084342",
   note = "[Online; accessed 29-September-2018]"
 }

@article{Anderson07,
  title={An introduction to kernel and nearest-neighbor nonparametric regression},
  author={Altman, Naomi S},
  journal={The American Statistician},
  volume={46},
  number={3},
  pages={175--185},
  year={1992},
  publisher={Taylor \& Francis Group}
}
%two for neive bayesian start
@book{Anderson08,
  title={Artificial intelligence: a modern approach},
  author={Russell, Stuart J and Norvig, Peter},
  year={2016},
  publisher={Malaysia; Pearson Education Limited,}
}
@inproceedings{Anderson09,
  title={Estimating continuous distributions in Bayesian classifiers},
  author={John, George H and Langley, Pat},
  booktitle={Proceedings of the Eleventh conference on Uncertainty in artificial intelligence},
  pages={338--345},
  year={1995},
  organization={Morgan Kaufmann Publishers Inc.}
}
%end

@article{Anderson10,
  title={Support-vector networks},
  author={Cortes, Corinna and Vapnik, Vladimir},
  journal={Machine learning},
  volume={20},
  number={3},
  pages={273--297},
  year={1995},
  publisher={Springer}
}

@book{mukherjee2010emperor,
  title={The emperor of all maladies: a biography of cancer},
  author={Mukherjee, Siddhartha},
  year={2010},
  publisher={Simon and Schuster}
}

@article{chen2016iacp,
  title={iACP: a sequence-based tool for identifying anticancer peptides},
  author={Chen, Wei and Ding, Hui and Feng, Pengmian and Lin, Hao and Chou, Kuo-Chen},
  journal={Oncotarget},
  volume={7},
  number={13},
  pages={16895},
  year={2016},
  publisher={Impact Journals, LLC}
}

@incollection{otvos2008peptide,
  title={Peptide-based drug design: here and now},
  author={Otvos, Laszlo},
  booktitle={Peptide-Based Drug Design},
  pages={1--8},
  year={2008},
  publisher={Springer}
}

@article{rayhan2018cfsboost,
  title={CFSBoost: Cumulative Feature Subspace Boosting for Drug-Target Interaction Prediction},
  author={Rayhan, Farshid and Ahmed, Sajid and Farid, Dewan Md and Dehzangi, Abdollah and Shatabda, Swakkhar},
  journal={Journal of Theoretical Biology},
  year={2018},
  publisher={Elsevier}
}

@article{rahman2018ipromoter,
  title={iPromoter-FSEn: Identification of bacterial $\sigma$70 promoter sequences using feature subspace based ensemble classifier},
  author={Rahman, Md Siddiqur and Aktar, Usma and Jani, Md Rafsan and Shatabda, Swakkhar},
  journal={Genomics},
  year={2018},
  publisher={Elsevier}
}


@article{jani2018irecspot,
  title={iRecSpot-EF: Effective sequence based features for recombination hotspot prediction},
  author={Jani, Md Rafsan and Mozlish, Md Toha Khan and Ahmed, Sajid and Tahniat, Niger Sultana and Farid, Dewan Md and Shatabda, Swakkhar},
  journal={Computers in biology and medicine},
  volume={103},
  pages={17--23},
  year={2018},
  publisher={Elsevier}
}


@article{chowdhury2017idnaprot,
  title={Idnaprot-es: Identification of DNA-binding proteins using evolutionary and structural features},
  author={Chowdhury, Shahana Yasmin and Shatabda, Swakkhar and Dehzangi, Abdollah},
  journal={Scientific Reports},
  volume={7},
  number={1},
  pages={14938},
  year={2017},
  publisher={Nature Publishing Group}
}

@article{wei2018acpred,
  title={ACPred-FL: a sequence-based predictor based on effective feature representation to improve the prediction of anti-cancer peptides},
  author={Wei, Leyi and Zhou, Chen and Chen, Huangrong and Song, Jiangning and Su, Ran},
  journal={Bioinformatics},
  year={2018}
}

@article{chou2011some,
  title={Some remarks on protein attribute prediction and pseudo amino acid composition},
  author={Chou, Kuo-Chen},
  journal={Journal of theoretical biology},
  volume={273},
  number={1},
  pages={236--247},
  year={2011},
  publisher={Elsevier}
}

@article{tyagi2013silico,
  title={In silico models for designing and discovering novel anticancer peptides},
  author={Tyagi, Atul and Kapoor, Pallavi and Kumar, Rahul and Chaudhary, Kumardeep and Gautam, Ankur and Raghava, GPS},
  journal={Scientific reports},
  volume={3},
  pages={2984},
  year={2013},
  publisher={Nature Publishing Group}
}
@article{hajisharifi2014predicting,
  title={Predicting anticancer peptides with Chou′ s pseudo amino acid composition and investigating their mutagenicity via Ames test},
  author={Hajisharifi, Zohre and Piryaiee, Moien and Beigi, Majid Mohammad and Behbahani, Mandana and Mohabatkar, Hassan},
  journal={Journal of Theoretical Biology},
  volume={341},
  pages={34--40},
  year={2014},
  publisher={Elsevier}
}

@article{li2006cd,
  title={Cd-hit: a fast program for clustering and comparing large sets of protein or nucleotide sequences},
  author={Li, Weizhong and Godzik, Adam},
  journal={Bioinformatics},
  volume={22},
  number={13},
  pages={1658--1659},
  year={2006},
  publisher={Oxford University Press}
}


@article{tyagi2014cancerppd,
  title={CancerPPD: a database of anticancer peptides and proteins},
  author={Tyagi, Atul and Tuknait, Abhishek and Anand, Priya and Gupta, Sudheer and Sharma, Minakshi and Mathur, Deepika and Joshi, Anshika and Singh, Sandeep and Gautam, Ankur and Raghava, Gajendra PS},
  journal={Nucleic acids research},
  volume={43},
  number={D1},
  pages={D837--D843},
  year={2014},
  publisher={Oxford University Press}
}
@article{rahman2018dpp,
  title={DPP-PseAAC: A DNA-binding protein prediction model using Chou’s general PseAAC},
  author={Rahman, M Saifur and Shatabda, Swakkhar and Saha, Sanjay and Kaykobad, M and Rahman, M Sohel},
  journal={Journal of theoretical biology},
  volume={452},
  pages={22--34},
  year={2018},
  publisher={Elsevier}
}
@article{vijayakumar2015acpp,
  title={ACPP: a web server for prediction and design of anti-cancer peptides},
  author={Vijayakumar, Saravanan and Lakshmi, PTV},
  journal={International Journal of Peptide Research and Therapeutics},
  volume={21},
  number={1},
  pages={99--106},
  year={2015},
  publisher={Springer}
}

@book{hosmer2013applied,
  title={Applied logistic regression},
  author={Hosmer Jr, David W and Lemeshow, Stanley and Sturdivant, Rodney X},
  volume={398},
  year={2013},
  publisher={John Wiley \& Sons}
}

@article{safavian1991survey,
  title={A survey of decision tree classifier methodology},
  author={Safavian, S Rasoul and Landgrebe, David},
  journal={IEEE transactions on systems, man, and cybernetics},
  volume={21},
  number={3},
  pages={660--674},
  year={1991},
  publisher={IEEE}
}